@inproceedings{gu2002geometry,
  title={Geometry images},
  author={Gu, Xianfeng and Gortler, Steven J and Hoppe, Hugues},
  booktitle={Proceedings of the 29th annual conference on Computer graphics and interactive techniques},
  pages={355--361},
  year={2002}
}